@article{kubicek,
AUTHOR="Kubíček A.",
TITLE="Slajdy z přednášek a cvičení 1-6 předmětu 3PE112 – Podniková ekonomika pro informatiky a statistiky ZS 2015/2016.",
PUBLISHER="Dummy Publisher",
YEAR="2016",
}