@ONLINE {andrejs,
    author = "S. Andrejs",
    title  = "Odpisové doby, sazby a koeficienty",
    month  = "1",
    year   = "2005 [online] [cit.~2015-12-12]",
    url    = "http://goo.gl/vOYmeG"
}

@ONLINE {kubicek,
    author = "A. Kubíček",
    title  = "Slajdy z přednášek a cvičení 1-6 předmětu 3PE112 Podniková ekonomika pro informatiky a statistiky",
    month  = "11",
    year   = "2015 [online] [cit.~2015-12-10]",
    url    = "https://goo.gl/N7mvEK"
}

@BOOK {synek_kislingerova,
    author    = "Synek, M. \& Kislingerová, E.",
    title     = "Podniková ekonomika",
    publisher = "C. H. Beck",
    year      = "2010"
}

@BOOK {mikovcova_schollerova,
    author    = "Mikovcová, H. \& Scholleová, H.",
    title     = "Praktikum podnikové ekonomiky pro bakalářské studium",
    publisher = "Vydavatelství a nakladatelství Aleš Čeněk",
    year      = "2009",
    address   = "Plzeň"
}